<?xml version="1.0" encoding="UTF-8"?><collection xmlns="http://www.loc.gov/MARC21/slim"><record><leader>00374nam--2200133-i-4500</leader><controlfield tag="001">000013140</controlfield><controlfield tag="002">20161230</controlfield><controlfield tag="005">20161230201030</controlfield><controlfield tag="008">060222s1000------------r-----000-0-eng-d</controlfield><datafield ind1=" " ind2=" " tag="245"><subfield code="a">Dnamics of multibody systems. sumspoium munich/germany, aug.29-sept.3, 1977</subfield></datafield><datafield ind1=" " ind2=" " tag="260"><subfield code="a">Berlin, Springer-verlag, 1978</subfield></datafield><datafield ind1=" " ind2=" " tag="490"><subfield code="a">Xvi+376p</subfield></datafield><datafield ind1=" " ind2=" " tag="700"><subfield code="a">Magnus, K</subfield></datafield><datafield ind1=" " ind2=" " tag="852"><subfield code="a">531.3:531.11(061.3)</subfield></datafield></record></collection>